@book{engelking:general-topology,
	author="Ryszard Engelking",
	title="General Topology",
	publisher="Heldermann",
	address="Berlin",
	year="1989"
}

@book{gauld:nonmetrisable-manifolds,
	author="David Gauld",
	title="Non-metrisable Manifolds",
	publisher="Springer",
	address="Singapore",
	year="2014"
}

@book{lee:intro-to-smooth-manifolds,
author="John M. Lee",
title="Introduction to Smooth Manifolds",
publisher="Springer",
address="New York",
year="2012"
}

@book{lee:manifolds-and-differential-geometry,
author="Jeffrey M. Lee",
title="Manifolds and Differential Geometry",
volume="107",
publisher="American Mathematical Society",
address="Rhode Island",
year="2009"
}

@misc{website:lawson-edu-chapter-4,
	author = {Jimmie Lawson},
	title = {Differential Geometry: Chapter 4},
	howpublished = {\url{https://www.math.lsu.edu/~lawson/Chapter4.pdf}},
	note = {Accessed: \today}
}

@book{dieudonne:treatise-on-analysis,
	author="Jean Dieudonn{\'e}",
	translator="Ian Grant Macdonald",
	title="Treatise on analysis",
	volume="3",
	publisher="Academic Press",
	year="1972"
}