
@article{nicholas2013,
  title={Multiple sclerosis},
  author={Nicholas, Richard and Rashid, Waqar},
  journal={American family physician},
  volume={87},
  number={10},
  pages={712},
  year={2013},
  publisher={American Academy of Family Physicians}
}

@book{mcalpine2005,
  title={McAlpine's multiple sclerosis},
  author={McAlpine, Douglas and Compston, Alastair},
  year={2005},
  publisher={Elsevier Health Sciences}
}

@article{mcdonald2001,
  title={Recommended diagnostic criteria for multiple sclerosis: guidelines from the International Panel on the diagnosis of multiple sclerosis},
  author={McDonald, W Ian and Compston, Alistair and Edan, Gilles and Goodkin, Donald and Hartung, Hans-Peter and Lublin, Fred D and McFarland, Henry F and Paty, Donald W and Polman, Chris H and Reingold, Stephen C and others},
  journal={Annals of Neurology: Official Journal of the American Neurological Association and the Child Neurology Society},
  volume={50},
  number={1},
  pages={121--127},
  year={2001},
  publisher={Wiley Online Library}
}